<?xml version="1.0" encoding="UTF-8"?><collection xmlns="http://www.loc.gov/MARC21/slim"><record><leader>00566nam--2200181-i-4500</leader><controlfield tag="001">000041289</controlfield><controlfield tag="002">20161230</controlfield><controlfield tag="005">20161230201043</controlfield><controlfield tag="008">060222s1000------------r-----000-0-fre-d</controlfield><datafield ind1=" " ind2=" " tag="040"><subfield code="a">IFIN-HH</subfield></datafield><datafield ind1=" " ind2=" " tag="041"><subfield code="a">fre</subfield></datafield><datafield ind1=" " ind2=" " tag="080"><subfield code="a">533.9.082.74(043)</subfield></datafield><datafield ind1="1" ind2=" " tag="100"><subfield code="a">Sermet,Pierre</subfield></datafield><datafield ind1="1" ind2="0" tag="245"><subfield code="a">Source intense d`atomes de deuterium a tres basse energie en vue du chaufage de plasmas d`interet thermonucleaire</subfield><subfield code="b">These</subfield><subfield code="c">Pierre sermet</subfield></datafield><datafield ind1=" " ind2=" " tag="260"><subfield code="a">Grenoble</subfield><subfield code="b">Universite Scientifique Et Medicale</subfield><subfield code="c">1978</subfield></datafield><datafield ind1=" " ind2=" " tag="300"><subfield code="a">196 P</subfield></datafield><datafield ind1=" " ind2=" " tag="852"><subfield code="a">48483</subfield><subfield code="c">533.9</subfield></datafield><datafield ind1=" " ind2=" " tag="CAT"><subfield code="a">Sys</subfield><subfield code="c">20110118</subfield><subfield code="h">081742</subfield></datafield></record></collection>